@article{aoki2000taxonomy,
  title     = {Taxonomy of Interactivity on the Web},
  author    = {Aoki, Kumiko},
  journal   = {Esitelm{\"a} Association of Internet Researchers-konferenssissa. University of Kansas. Lawrence, Kansas.(Saatavilla: http://citeseerx.ist.psu.edu/viewdoc/download},
  year      = {2000},
  publisher = {Citeseer}
}

@article{samuel2008evaluation,
  title     = {An evaluation of Intensive Interaction in community living settings for adults with profound intellectual disabilities},
  author    = {Samuel, Judith and Nind, Melanie and Volans, Amy and Scriven, Issy},
  journal   = {Journal of Intellectual Disabilities},
  volume    = {12},
  number    = {2},
  pages     = {111--126},
  year      = {2008},
  publisher = {Sage Publications Sage UK: London, England}
}

@article{kamari2011interactive,
  title={INTERACTIVE HOSTEL MANAGEMENT SYSTEM},
  author={Kamari, Aznin},
  year={2011},
  publisher={Universiti Teknologi Petronas}
}

@article{adenowo2013software,
  title={Software Engineering Methodologies: A Review of the Waterfall Model and Object-Oriented Approach},
  author={Adenowo, Adetokunbo AA and Adenowo, Basirat A},
  journal={International Journal of Scientific \& Engineering Research},
  volume={4},
  number={7},
  pages={427--434},
  year={2013}
}

@inproceedings{petersen2009waterfall,
  title={The waterfall model in large-scale development},
  author={Petersen, Kai and Wohlin, Claes and Baca, Dejan},
  booktitle={International Conference on Product-Focused Software Process Improvement},
  pages={386--400},
  year={2009},
  organization={Springer}
}

@book{dennis2009systems,
  title={Systems Analysis and Design UML Version 2.0},
  author={Dennis, Alan and Wixom, Barabara Haley and Tegarden, David},
  year={2009},
  publisher={Wiley}
}